% This file was created with JabRef 2.5.
% Encoding: UTF-8

@ARTICLE{BaiWag1980,
  author = {Baillie, Robert and Wagstaff, Samuel S., Jr.},
  title = {Lucas Pseudoprimes},
  journal = {Mathematics of Computation},
  year = {1980},
  volume = {35},
  pages = {pp. 1391-1417},
  number = {152},
  abstract = {We define several types of pseudoprimes with respect to Lucas sequences
	and prove the analogs of various theorems about ordinary pseudoprimes.
	For example, we show that Lucas pseudoprimes are rare and we count
	the Lucas sequences modulo $n$ with respect to which $n$ is a Lucas
	pseudoprime. We suggest some powerful new primality tests which combine
	Lucas pseudoprimes with ordinary pseudoprimes. Since these tests
	require the evaluation of the least number $f(n)$ for which the Jacobi
	symbol $(f(n)/n)$ is less than 1, we evaluate the average order of
	the function $f$.},
  copyright = {Copyright Â© 1980 American Mathematical Society},
  issn = {00255718},
  jstor_articletype = {research-article},
  jstor_formatteddate = {Oct., 1980},
  language = {English},
  publisher = {American Mathematical Society},
  url = {http://www.jstor.org/stable/2006406}
}

@BOOK{CraPom2005,
  title = {Prime Numbers: A Computational Perspective},
  publisher = {Springer},
  year = {2005},
  author = {Richard Crandall and Carl Pomerance},
  pages = {597},
  edition = {2nd},
  month = {August},
  owner = {suser},
  timestamp = {2010.12.20}
}

@ARTICLE{Dus1999,
  author = {Dusart, Pierre},
  title = {The {$k$}th prime is greater than {$k(\ln k+\ln\ln k-1)$} for {$k\geq2$}},
  journal = {Math. Comp.},
  year = {1999},
  volume = {68},
  pages = {411--415},
  number = {225},
  coden = {MCMPAF},
  doi = {10.1090/S0025-5718-99-01037-6},
  fjournal = {Mathematics of Computation},
  issn = {0025-5718},
  mrclass = {11Y35 (11N05)},
  mrnumber = {1620223 (99d:11133)},
  mrreviewer = {Marc Del{\'e}glise},
  owner = {suser},
  timestamp = {2010.12.20},
  url = {http://dx.doi.org/10.1090/S0025-5718-99-01037-6}
}

@ARTICLE{GowWag2008,
  author = {Gower, Jason E. and Wagstaff, Jr., Samuel S.},
  title = {Square form factorization},
  journal = {Math. Comp.},
  year = {2008},
  volume = {77},
  pages = {551--588},
  number = {261},
  coden = {MCMPAF},
  doi = {10.1090/S0025-5718-07-02010-8},
  fjournal = {Mathematics of Computation},
  issn = {0025-5718},
  mrclass = {11A51 (11E16 11R11 11Y05)},
  mrnumber = {2353967 (2008i:11006)},
  mrreviewer = {Duncan A. Buell},
  owner = {suser},
  timestamp = {2010.12.20},
  url = {http://dx.doi.org/10.1090/S0025-5718-07-02010-8}
}

@ARTICLE{GraMol2010,
  author = {Torbj\"orn Granlund and Niels M\"oller},
  title = {Improved Division by Invariant Integers},
  journal = {IEEE Transactions on Computers},
  year = {2010},
  volume = {99},
  number = {PrePrints},
  note = {draft version available at \url{http://www.lysator.liu.se/~nisse/archive/draft-division-paper.pdf}},
  address = {Los Alamitos, CA, USA},
  doi = {http://doi.ieeecomputersociety.org/10.1109/TC.2010.143},
  issn = {0018-9340},
  owner = {suser},
  publisher = {IEEE Computer Society},
  timestamp = {2010.12.20}
}

@UNPUBLISHED{Har2009,
  author = {William Hart},
  title = {A one line factoring algorithm},
  note = {\url{http://sage.math.washington.edu/home/wbhart/onelinefactor.pdf}},
  year = {2009},
  owner = {suser},
  timestamp = {2010.12.20}
}

@ARTICLE{LukPatWil1996,
  author = {Lukes, R. F. and Patterson, C. D. and Williams, H. C.},
  title = {Some results on pseudosquares},
  journal = {Math. Comp.},
  year = {1996},
  volume = {65},
  pages = {361--372, S25--S27},
  number = {213},
  note = {available at \url{http://www.ams.org/journals/mcom/1996-65-213/S0025-5718-96-00678-3/S0025-5718-96-00678-3.pdf}},
  coden = {MCMPAF},
  doi = {10.1090/S0025-5718-96-00678-3},
  fjournal = {Mathematics of Computation},
  issn = {0025-5718},
  mrclass = {11A51 (11Y11 11Y55)},
  mrnumber = {1322892 (96e:11010)},
  mrreviewer = {Oliver Schirokauer},
  owner = {suser},
  timestamp = {2010.12.20},
  url = {http://dx.doi.org/10.1090/S0025-5718-96-00678-3}
}

@ARTICLE{MasRob1996,
  author = {Massias, Jean-Pierre and Robin, Guy},
  title = {Bornes effectives pour certaines fonctions concernant les nombres
	premiers},
  journal = {J. Th\'eor. Nombres Bordeaux},
  year = {1996},
  volume = {8},
  pages = {215--242},
  number = {1},
  fjournal = {Journal de Th\'eorie des Nombres de Bordeaux},
  issn = {1246-7405},
  mrclass = {11N05},
  mrnumber = {1399956 (97g:11099)},
  mrreviewer = {Jean-Marie De Koninck},
  owner = {suser},
  timestamp = {2010.12.20},
  url = {http://jtnb.cedram.org/item?id=JTNB_1996__8_1_215_0}
}

@ARTICLE{RosSch1962,
  author = {Rosser, J. Barkley and Schoenfeld, Lowell},
  title = {Approximate formulas for some functions of prime numbers},
  journal = {Illinois J. Math.},
  year = {1962},
  volume = {6},
  pages = {64--94},
  fjournal = {Illinois Journal of Mathematics},
  issn = {0019-2082},
  mrclass = {10.42},
  mrnumber = {0137689 (25 \#1139)},
  mrreviewer = {B. K. Ghosh},
  owner = {suser},
  timestamp = {2010.12.20}
}

@comment{jabref-meta: selector_publisher:}

@comment{jabref-meta: selector_author:}

@comment{jabref-meta: selector_journal:}

@comment{jabref-meta: selector_keywords:}

